@misc{es2015spec,
  title={ECMAScript 2015 Language Specification},
  author={Ecma International},
  url={https://www.ecma-international.org/wp-content/uploads/ECMA-262_6th_edition_june_2015.pdf},
  note={Accessed: 2022-01-04},
  year={2015},
}

@misc{tsls,
  title={TypeScript Language Specification},
  author={Microsoft},
  url={https://raw.githubusercontent.com/microsoft/TypeScript/main/doc/TypeScript%20Language%20Specification%20-%20ARCHIVED.pdf},
  note={Accessed: 2022-01-04},
  year={2016},
}

@inproceedings{frost08,
  title={Parser Combinators for Ambiguous Left-Recursive Grammars},
  author={Richard A. Frost and Rahmatullah Hafiz and Paul Callaghan},
  booktitle={PADL},
  year={2008}
}

@article{frost06,
  author={Frost, Richard A. and Hafiz, Rahmatullah},
  title={A New Top-down Parsing Algorithm to Accommodate Ambiguity and Left Recursion in Polynomial Time},
  year={2006},
  issue_date={May 2006},
  publisher={Association for Computing Machinery},
  address={New York, NY, USA},
  volume={41},
  number={5},
  issn={0362-1340},
  url={https://doi.org/10.1145/1149982.1149988},
  doi={10.1145/1149982.1149988},
  journal={SIGPLAN Not.},
  month={may},
  pages={46–54},
  numpages={9},
  keywords={backtracking, parser combinators, memoization, top-down parsing, left-recursion}
}

@book{dragon,
  author={Aho, Alfred V. and Lam, Monica S. and Sethi, Ravi and Ullman, Jeffrey D.},
  title={Compilers: Principles, Techniques, and Tools (2nd Edition)},
  year={2006},
  isbn={0321486811},
  publisher={Addison-Wesley Longman Publishing Co., Inc.},
  address={USA}
}

@book{allen2016haskell,
  title={Haskell Programming from First Principles},
  author={Allen, C. and Moronuki, J. and Syrek, S.},
  isbn={9781945388033},
  year={2016},
  publisher={Lorepub LLC}
}

@techreport{hutton96,
  author={Hutton, Graham and Meijer, Erik},
  title={Monadic Parser Combinators},
  institution={Journal of Functional Programming},
  year={1996}
}

@article{hutton99,
  author={Hutton, Graham and Meijer, Erik},
  year={1999},
  month={September},
  pages={},
  title={Monadic Parsing in Haskell},
  volume={8},
  journal={Journal of Functional Programming},
  doi={10.1017/S0956796898003050}
}

@inproceedings{wadler85,
  author={Wadler, Philip},
  title={How to Replace Failure by a List of Successes},
  year={1985},
  isbn={3387159754},
  publisher={Springer-Verlag},
  address={Berlin, Heidelberg},
  booktitle={Proc. of a Conference on Functional Programming Languages and Computer Architecture},
  pages={113–128},
  numpages={16},
  location={Nancy, France}
}

@inproceedings{fokker95,
  author={Fokker, Jeroen},
  title={Functional Parsers},
  year={1995},
  isbn={3540594515},
  publisher={Springer-Verlag},
  address={Berlin, Heidelberg},
  booktitle={Advanced Functional Programming, First International Spring School on Advanced Functional Programming Techniques-Tutorial Text},
  pages={1–23},
  numpages={23}
}

@book{hutton16,
  author={Hutton, Graham},
  title={Programming in Haskell},
  year={2016},
  isbn={1316626229},
  publisher={Cambridge University Press},
  address={USA},
  edition={2nd},
  doi={10.5555/3092752}
}

@techreport{leijen01,
  author={Leijen, Daan and Meijer, Erik},
  title={Parsec: Direct Style Monadic Parser Combinators for the Real World},
  year={2001},
  month={July},
  url={https://www.microsoft.com/en-us/research/publication/parsec-direct-style-monadic-parser-combinators-for-the-real-world/},
  edition={Technical Report UU-CS-2001-35, Departement of Computer Science, Universiteit Utrecht},
  number={UU-CS-2001-27},
  note={User Modeling 2007, 11th International Conference, UM 2007, Corfu, Greece, June 25-29, 2007},
}

@inproceedings{willis18,
  author={Willis, Jamie and Wu, Nicolas},
  title={Garnishing Parsec with Parsley},
  year={2018},
  isbn={9781450358361},
  publisher={Association for Computing Machinery},
  address={New York, NY, USA},
  url={https://doi.org/10.1145/3241653.3241656},
  doi={10.1145/3241653.3241656},
  booktitle={Proceedings of the 9th ACM SIGPLAN International Symposium on Scala},
  pages={24–34},
  numpages={11},
  keywords={Combinators, Domain-Specific Languages, Parsers},
  location={St. Louis, MO, USA},
  series={Scala 2018}
}

@article{willis20,
  author={Willis, Jamie and Wu, Nicolas and Pickering, Matthew},
  title={Staged Selective Parser Combinators},
  year={2020},
  issue_date={August 2020},
  publisher={Association for Computing Machinery},
  address={New York, NY, USA},
  volume={4},
  number={ICFP},
  url={https://doi.org/10.1145/3409002},
  doi={10.1145/3409002},
  journal={Proc. ACM Program. Lang.},
  month={August},
  articleno={120},
  numpages={30},
  keywords={combinators, parsers, meta-programming}
}

@inproceedings{parr14,
  title={Adaptive LL(*) parsing: the power of dynamic analysis},
  author={Terence John Parr and Sam Harwell and Kathleen Fisher},
  booktitle={OOPSLA 2014},
  year={2014}
}

@misc{aworks,
  title={ANTLRWorks: The ANTLR GUI Development Environment},
  author={Bovet, Jean and Parr, Terence},
  url={https://www.antlr3.org/works/},
  note={Accessed: 2022-01-25},
  month={October},
  year={2013},
}

@misc{awlrr,
  title={Left-Recursion Removal - ANTLR 3 - Confluence},
  author={Unknown},
  url={https://theantlrguy.atlassian.net/wiki/spaces/ANTLR3/pages/2687334/Left-Recursion+Removal},
  note={Accessed: 2022-01-25},
  month={May},
  year={2008},
}

@misc{diflrecs,
  title={Parsing left recursions},
  author={Kegler, Jeffrey},
  url={http://jeffreykegler.github.io/Ocean-of-Awareness-blog/individual/2018/05/lrecursion.html},
  note={Accessed: 2022-01-25},
  month={June},
  year={2018},
}

@article{_nederhof93,
  author={Nederhof, Mark-Jan and Sarbo, Janos},
  year={1993},
  month={January},
  pages={},
  title={Increasing the Applicability of LR Parsing},
  isbn={978-1-4020-0371-4},
  doi={10.1007/978-94-010-9733-8_3}
}

@inproceedings{nederhof93,
  title={Increasing the Applicability of {LR} Parsing},
  author={Nederhof, Mark-Jan and Sarbo, Janos J.},
  booktitle={Proceedings of the Third International Workshop on Parsing Technologies},
  month={August},
  year={1993},
  address={Tilburg, Netherlands and Durbuy, Belgium},
  publisher={Association for Computational Linguistics},
  url={https://aclanthology.org/1993.iwpt-1.16},
  pages={187--202},
}

@article{norvig91,
  author={Norvig, Peter},
  year={1991},
  month={January},
  pages={},
  title={Techniques for automatic memoization with applications to context-free parsing},
  volume={17},
  journal={Computational Linguistics - COLI}
}

@misc{tsparsec,
  author={{Microsoft Open Source}},
  title={GitHub - microsoft/ts-parsec},
  url={https://github.com/microsoft/ts-parsec},
  month={August},
  year={2019},
  note={Accessed: 2022-01-26}
}

@misc{yoda,
  author={Wu, Nicolas},
  title={zenzike/yoda: A simple combinator library},
  url={https://github.com/zenzike/yoda},
  month={November},
  year={2018},
  note={Accessed: 2022-01-26}
}

@misc{parsimmon,
  author={Adkisson, Jeanie and Seoul-Oh, Han and Mock, Brian},
  title={GitHub - jneen/parsimmon},
  url={https://github.com/jneen/parsimmon},
  month={December},
  year={2021},
  note={Accessed: 2022-01-26}
}

@inproceedings{willis21,
  author={Willis, Jamie and Wu, Nicolas},
  title={Design Patterns for Parser Combinators (Functional Pearl)},
  year={2021},
  isbn={9781450386159},
  publisher={Association for Computing Machinery},
  address={New York, NY, USA},
  url={https://doi.org/10.1145/3471874.3472984},
  doi={10.1145/3471874.3472984},
  booktitle={Proceedings of the 14th ACM SIGPLAN International Symposium on Haskell},
  pages={71–84},
  numpages={14},
  keywords={parser combinators},
  location={Virtual, Republic of Korea},
  series={Haskell 2021}
}

@misc{khepriwiki,
  author={Bierner, Matt},
  title={Home mattbierner/khepri Wiki},
  url={https://github.com/mattbierner/khepri/wiki},
  month={September},
  year={2014},
  note={Accessed: 2022-01-26}
}

@misc{khepriudo,
  author={Bierner, Matt},
  title={Parsing User Defined Operator Expressions in a Scripting Language - UWTB},
  url={https://blog.mattbierner.com/user-defined-operators-in-a-dynamic-scripting-language/},
  month={November},
  year={2014},
  note={Accessed: 2022-01-26}
}

@misc{chev,
  author={Soel, Shahar},
  title={https://chevrotain.io/performance/},
  url={https://chevrotain.io/performance/},
  month={June},
  year={2015},
  note={Accessed: 2022-01-26}
}

@article{swierstra00,
  author={Swierstra, Doaitse},
  year={2000},
  month={01},
  pages={38-59},
  title={Combinator Parsers: From Toys to Tools},
  volume={41},
  journal={Electronic Notes in Theoretical Computer Science},
  doi={10.1016/S1571-0661(05)80545-6}
}

@article{mcbride08,
  author={McBride, Conor and Paterson, Ross},
  year={2008},
  month={01},
  pages={1-13},
  title={Applicative Programming with Effects},
  volume={18},
  journal={Journal of Functional Programming},
  doi={10.1017/S0956796807006326}
}

@misc{ef1000,
  title={1000 most common words in {English}},
  author={{Education First}},
  url={https://www.ef.co.uk/english-resources/english-vocabulary/top-1000-words/},
  note={Accessed: 2022-05-20},
  year={Unknown},
}

@misc{scopt,
  author={Yokota, Eugene},
  title={scopt/scopt - command line options parsing for {Scala}},
  url={https://github.com/scopt/scopt},
  month={January},
  year={2022},
  note={Accessed: 2022-05-31}
}

@misc{prettier,
  author={{Prettier}},
  title={Prettier - Opinionated Code Formatter},
  url={https://prettier.io/},
  year={Unknown},
  note={Accessed: 2022-05-31}
}

@article{power99,
  author={Power, James},
  title={Notes on Formal Language Theory and Parsing},
  month={October},
  year={1999},
  doi={10.1.1.43.2472}
}

@book{hopcroft06,
  author={Hopcroft, John E. and Motwani, Rajeev and Ullman, Jeffrey D.},
  title={Introduction to Automata Theory, Languages, and Computation (3rd Edition)},
  year={2006},
  isbn={0321455363},
  publisher={Addison-Wesley Longman Publishing Co., Inc.},
  address={USA}
}

@book{aho72,
  author={Aho, Alfred V. and Ullman, Jeffrey D.},
  title={The Theory of Parsing, Translation, and Compiling},
  year={1972},
  isbn={0139145567},
  publisher={Prentice-Hall, Inc.},
  address={USA},
}

@phdthesis{birman70,
  author={Birman, Alexander},
  title={The TMG Recognition Schema},
  year={1970},
  school={Princeton University},
  address={USA},
  note={AAI7101582}
}

@inproceedings{ford04,
  author={Ford, Bryan},
  title={Parsing Expression Grammars: A Recognition-Based Syntactic Foundation},
  year={2004},
  isbn={158113729X},
  publisher={Association for Computing Machinery},
  address={New York, NY, USA},
  url={https://doi.org/10.1145/964001.964011},
  doi={10.1145/964001.964011},
  booktitle={Proceedings of the 31st ACM SIGPLAN-SIGACT Symposium on Principles of Programming Languages},
  pages={111–122},
  numpages={12},
  location={Venice, Italy},
  series={POPL '04}
}

@techreport{hill94,
  month={November},
  author={Hill, Steve},
  address={University of Kent, Canterbury, UK},
  title={Continuation Passing Combinators for Parsing Precedence Grammars},
  type={Technical report},
  publisher={University of Kent, Computing Laboratory},
  institution={University of Kent, Computing Laboratory},
  year={1994},
  url={https://kar.kent.ac.uk/21168/},
}

@inproceedings{decandia07,
  author={DeCandia, Giuseppe and Hastorun, Deniz and Jampani, Madan and Kakulapati, Gunavardhan and Lakshman, Avinash and Pilchin, Alex and Sivasubramanian, Swaminathan and Vosshall, Peter and Vogels, Werner},
  title={Dynamo: Amazon's Highly Available Key-Value Store},
  year={2007},
  isbn={9781595935915},
  publisher={Association for Computing Machinery},
  address={New York, NY, USA},
  url={https://doi.org/10.1145/1294261.1294281},
  doi={10.1145/1294261.1294281},
  booktitle={Proceedings of Twenty-First ACM SIGOPS Symposium on Operating Systems Principles},
  pages={205–220},
  numpages={16},
  keywords={scalability, reliability, performance},
  location={Stevenson, Washington, USA},
  series={SOSP '07}
}

@inproceedings{merkle87,
  author={Merkle, Ralph},
  year={1987},
  month={08},
  pages={369-378},
  title={A Digital Signature Based on a Conventional Encryption Function},
  volume={293},
  isbn={978-3-540-18796-7},
  journal={LNCS},
  doi={10.1007/3-540-48184-2_32},
  booktitle={Advances in Cryptology - CRYPTO '87},
}

@misc{typeclassopedia,
  author={Yorgey, Brent},
  title={Typeclassopedia - HaskellWiki},
  url={https://wiki.haskell.org/Typeclassopedia},
  year={2009},
  note={Accessed: 2022-06-06}
}

@article{mckeeman65,
  author={McKeeman, W. M.},
  title={Peephole Optimization},
  year={1965},
  issue_date={July 1965},
  publisher={Association for Computing Machinery},
  address={New York, NY, USA},
  volume={8},
  number={7},
  issn={0001-0782},
  url={https://doi.org/10.1145/364995.365000},
  doi={10.1145/364995.365000},
  journal={Commun. ACM},
  month={jul},
  pages={443–444},
  numpages={2}
}

@inproceedings{baars04,
  author={Baars, Arthur I. and Swierstra, S. Doaitse},
  title={Type-Safe, Self Inspecting Code},
  year={2004},
  isbn={1581138504},
  publisher={Association for Computing Machinery},
  address={New York, NY, USA},
  url={https://doi.org/10.1145/1017472.1017485},
  doi={10.1145/1017472.1017485},
  booktitle={Proceedings of the 2004 ACM SIGPLAN Workshop on Haskell},
  pages={69–79},
  numpages={11},
  keywords={domain specific languages, left-recursion, top-down parsing, compilers},
  location={Snowbird, Utah, USA},
  series={Haskell '04}
}

@misc{jscurry,
  author={Junker, Jospeh},
  title={Currying and Uncurrying in {JavaScript} and {Flow}},
  url={https://medium.com/@jnkrtech/currying-and-uncurrying-in-javascript-and-flow-98877c8274ff},
  month={July},
  year={2017},
  note={Accessed: 2022-06-05}
}

@article{partridge96,
  title={Predictive parser combinators need four values to report errors},
  volume={6},
  doi={10.1017/S0956796800001714},
  number={2},
  journal={Journal of Functional Programming},
  publisher={Cambridge University Press},
  author={Partridge, Andrew and Wright, David},
  year={1996},
  pages={355–364}
}

@article{hudak89,
  author={Hudak, Paul},
  title={Conception, Evolution, and Application of Functional Programming Languages},
  year={1989},
  issue_date={Sep. 1989},
  publisher={Association for Computing Machinery},
  address={New York, NY, USA},
  volume={21},
  number={3},
  issn={0360-0300},
  url={https://doi.org/10.1145/72551.72554},
  doi={10.1145/72551.72554},
  journal={ACM Comput. Surv.},
  month={September},
  pages={359–411},
  numpages={53}
}

@article{hughes00,
  title={Generalising monads to arrows},
  journal={Science of Computer Programming},
  volume={37},
  number={1},
  pages={67-111},
  month={May},
  year={2000},
  issn={0167-6423},
  doi={https://doi.org/10.1016/S0167-6423(99)00023-4},
  url={https://www.sciencedirect.com/science/article/pii/S0167642399000234},
  author={Hughes, John},
}

@inproceedings{swierstra96,
  author={Swierstra, S. and Duponcheel, Luc},
  year={1996},
  month={July},
  pages={},
  title={Deterministic, Error-Correcting Combinator Parsers},
  volume={1129},
  isbn={978-3-540-61628-3},
  journal={LNCS},
  booktitle={Advanced Functional Programming},
  doi={10.1007/3-540-61628-4_7}
}

@misc{hsarrows,
  title={Arrows: A General Interface to Computation},
  author={Paterson, Ross},
  url={https://www.haskell.org/arrows/},
  note={Accessed: 2022-06-16},
  year={Unknown},
}

@inproceedings{ford02,
  author={Ford, Bryan},
  title={Packrat Parsing: Simple, Powerful, Lazy, Linear Time, Functional Pearl},
  year={2002},
  isbn={1581134878},
  publisher={Association for Computing Machinery},
  address={New York, NY, USA},
  url={https://doi.org/10.1145/581478.581483},
  doi={10.1145/581478.581483},
  booktitle={Proceedings of the Seventh ACM SIGPLAN International Conference on Functional Programming},
  pages={36–47},
  numpages={12},
  location={Pittsburgh, PA, USA},
  series={ICFP '02}
}

@misc{megaparsec,
  title={megaparsec: Monadic parser combinators},
  author={Martini, Paolo and Leijen, Daan},
  url={https://hackage.haskell.org/package/megaparsec-5.3.0},
  note={Accessed: 2022-06-15},
  month={September},
  year={2015},
}

@techreport{johnson75,
  author={Johnson, Stephen C.},
  institution={AT\&T Bell Laboratories},
  title={Yacc: Yet Another Compiler-Compiler},
  year={1975},
  url={http://dinosaur.compilertools.net/yacc/}
}

@article{goss13,
  author={Clinton F. Goss},
  title={Machine Code Optimization - Improving Executable Object Code},
  journal={CoRR},
  volume={abs/1308.4815},
  year={2013},
  url={http://arxiv.org/abs/1308.4815},
  eprinttype={arXiv},
  eprint={1308.4815},
  timestamp={Mon, 13 Aug 2018 16:47:11 +0200},
  biburl={https://dblp.org/rec/journals/corr/Goss13.bib},
  bibsource={dblp computer science bibliography, https://dblp.org}
}
